<record><leader>00000cas a2200000 i 4500</leader><controlfield tag="001">986241625</controlfield><controlfield tag="008">170509d19311948ncucr ne      0   a0eng c</controlfield><datafield ind1=" " ind2=" " tag="010"><subfield code="a">  2017236974</subfield></datafield><datafield ind1=" " ind2=" " tag="040"><subfield code="a">NOC</subfield><subfield code="b">eng</subfield><subfield code="e">rda</subfield><subfield code="c">NOC</subfield><subfield code="d">OCLCF</subfield></datafield><datafield ind1=" " ind2=" " tag="042"><subfield code="a">pcc</subfield></datafield><datafield ind1="0" ind2=" " tag="130"><subfield code="a">Roanoke Rapids herald (1931)</subfield></datafield><datafield ind1="0" ind2="0" tag="245"><subfield code="a">Roanoke Rapids herald.</subfield></datafield><datafield ind1=" " ind2=" " tag="260"><subfield code="a">Roanoke Rapids, N.C. :</subfield><subfield code="b">Herald Pub. Co.</subfield></datafield><datafield ind1=" " ind2=" " tag="300"><subfield code="a">volumes</subfield></datafield><datafield ind1=" " ind2=" " tag="310"><subfield code="a">Semiweekly,</subfield><subfield code="b">June 8, 1948-Sept. 9, 1948</subfield></datafield><datafield ind1=" " ind2=" " tag="321"><subfield code="a">Weekly,</subfield><subfield code="b">June 23rd, 1931-June 3, 1948</subfield></datafield><datafield ind1=" " ind2=" " tag="336"><subfield code="a">text</subfield><subfield code="b">txt</subfield><subfield code="2">rdacontent</subfield></datafield><datafield ind1=" " ind2=" " tag="337"><subfield code="a">unmediated</subfield><subfield code="b">n</subfield><subfield code="2">rdamedia</subfield></datafield><datafield ind1=" " ind2=" " tag="338"><subfield code="a">volume</subfield><subfield code="b">nc</subfield><subfield code="2">rdacarrier</subfield></datafield><datafield ind1="0" ind2=" " tag="362"><subfield code="a">Began with: Volume 17, number 10 (June 23rd, 1931); ceased with volume 34, no. 3 (Sept. 9, 1948).</subfield></datafield><datafield ind1=" " ind2="0" tag="651"><subfield code="a">Roanoke Rapids (N.C.)</subfield><subfield code="v">Newspapers.</subfield></datafield><datafield ind1=" " ind2="0" tag="651"><subfield code="a">Halifax County (N.C.)</subfield><subfield code="v">Newspapers.</subfield></datafield><datafield ind1=" " ind2="7" tag="655"><subfield code="a">Newspapers.</subfield><subfield code="2">fast</subfield><subfield code="0">(OCoLC)fst01423814</subfield></datafield><datafield ind1=" " ind2="7" tag="651"><subfield code="a">North Carolina</subfield><subfield code="z">Halifax County.</subfield><subfield code="2">fast</subfield><subfield code="0">(OCoLC)fst01204887</subfield></datafield><datafield ind1=" " ind2="7" tag="651"><subfield code="a">North Carolina</subfield><subfield code="z">Roanoke Rapids.</subfield><subfield code="2">fast</subfield><subfield code="0">(OCoLC)fst01220065</subfield></datafield><datafield ind1=" " ind2=" " tag="752"><subfield code="a">United States</subfield><subfield code="b">North Carolina</subfield><subfield code="c">Halifax</subfield><subfield code="d">Roanoke Rapids.</subfield></datafield><datafield ind1="0" ind2="8" tag="776"><subfield code="i">Online version:</subfield><subfield code="t">Roanoke Rapids herald (1931)</subfield><subfield code="w">(DLC)  2017236973</subfield></datafield><datafield ind1="0" ind2="0" tag="780"><subfield code="t">Herald of the Twin Cities, Roanoke Rapids, Rosemary</subfield><subfield code="w">(DLC)  2017236973</subfield></datafield><datafield ind1="0" ind2="0" tag="785"><subfield code="t">Roanoke Rapids daily herald</subfield><subfield code="w">(DLC)sn 91068749</subfield><subfield code="w">(OCoLC)24893286</subfield></datafield></record>